% Encoding: UTF-8

@Book{Thurston1979,
  author    = {William P Thurston},
  publisher = {s.n},
  title     = {The geometry and topology of three-manifolds},
  year      = {1979},
}

@Book{Conway2016,
  author    = {Conway, J.H. and Burgiel, H. and Goodman-Strauss, C.},
  publisher = {CRC Press},
  title     = {The Symmetries of Things},
  year      = {2016},
  isbn      = {9781439864890},
  series    = {AK Peters/CRC Recreational Mathematics Series},
  lccn      = {2007046446},
  url       = {https://books.google.fr/books?id=Drj1CwAAQBAJ},
}

@Comment{jabref-meta: databaseType:bibtex;}

@Comment{jabref-meta: fileDirectoryLatex-bartosz-hp-debian:/home/bartosz/Studia_Wroc≈Çaw/praca_magisterska_orbifoldy/LaTeX;}
