@article{article,
author = {Conway, John and Huson, Daniel},
year = {2002},
month = {08},
pages = {},
title = {The Orbifold Notation for Two-Dimensional Groups},
volume = {13},
journal = {Structural Chemistry},
doi = {10.1023/A:1015851621002}
}